@online{stachnisscourse,
  title = {SLAM course},
  date = {2013},
  organization = {University of Freiburg},
  author = {Cyrill Stachniss},
  url = {http://ais.informatik.uni-freiburg.de/teaching/ws13/mapping/},
}
